<?xml version="1.0" encoding="UTF-8"?><collection xmlns="http://www.loc.gov/MARC21/slim"><record><leader>00533nam--2200181-i-4500</leader><controlfield tag="001">000020816</controlfield><controlfield tag="002">20161230</controlfield><controlfield tag="005">20161230201033</controlfield><controlfield tag="008">060222s1000------------r-----000-0-ger-d</controlfield><datafield ind1=" " ind2=" " tag="040"><subfield code="a">IFIN-HH</subfield></datafield><datafield ind1=" " ind2=" " tag="041"><subfield code="a">ger</subfield></datafield><datafield ind1=" " ind2=" " tag="080"><subfield code="a">532.532.8(043)</subfield></datafield><datafield ind1="1" ind2=" " tag="100"><subfield code="a">Engel, Herbert</subfield></datafield><datafield ind1="1" ind2="0" tag="245"><subfield code="a">Das klassische venturikohr als durchflussmessgerat bei heisswasserbetrieb hydraulischer stromungsanlagen.dissertation</subfield><subfield code="c">Herbert Engel</subfield></datafield><datafield ind1=" " ind2=" " tag="260"><subfield code="a">Berlin, Universitat, 1988</subfield></datafield><datafield ind1=" " ind2=" " tag="300"><subfield code="a">163 P</subfield></datafield><datafield ind1=" " ind2=" " tag="852"><subfield code="a">78778</subfield><subfield code="c">532</subfield></datafield><datafield ind1=" " ind2=" " tag="CAT"><subfield code="a">Sys</subfield><subfield code="c">20100902</subfield><subfield code="h">142156</subfield></datafield></record></collection>